<?xml version="1.0" encoding="UTF-8"?><collection xmlns="http://www.loc.gov/MARC21/slim"><record><leader>00406nam--2200133-i-4500</leader><controlfield tag="001">000025025</controlfield><controlfield tag="002">20161230</controlfield><controlfield tag="005">20161230201035</controlfield><controlfield tag="008">060222s1000------------r-----000-0-eng-d</controlfield><datafield ind1=" " ind2=" " tag="080"><subfield code="a">025.4</subfield></datafield><datafield ind1=" " ind2=" " tag="245"><subfield code="a">Elaborarea si folosirea clasificarii autonome</subfield></datafield><datafield ind1=" " ind2=" " tag="260"><subfield code="a">Bucuresti, Institutul National De Informare Si Documentare Stiintifica Si Tehnica, 1974. 33 P</subfield></datafield><datafield ind1=" " ind2=" " tag="490"><subfield code="a">Recomandare Metodologica</subfield></datafield><datafield ind1=" " ind2=" " tag="852"><subfield code="a">40612</subfield></datafield></record></collection>